% Encoding: UTF-8

@Book{WeinbergGR,
  title         = {Gravitation and cosmology: principles and applications of the general theory of relativity},
  publisher     = {Wiley},
  year          = {1972},
  author        = {Weinberg, S.},
  isbn          = {9780471925675},
  __markedentry = {[ch3co:]},
  lccn          = {78037175},
  url           = {https://books.google.com/books?id=XLbvAAAAMAAJ},
}

@Article{Penrose1971,
  author  = {Penrose, R. and M. Floyd, R.},
  title   = {Extraction of Rotational Energy from a Black Hole},
  journal = {Nature},
  year    = {1971},
  volume  = {229},
  pages   = {177-179},
  month   = {02},
  doi     = {10.1038/physci229177a0},
}

@Article{Blandford1977,
  author        = {Blandford, R. D. and Znajek, R. L.},
  title         = {Electromagnetic extraction of energy from Kerr black holes},
  journal       = {Monthly Notices of the Royal Astronomical Society},
  year          = {1977},
  volume        = {179},
  number        = {3},
  pages         = {433-456},
  __markedentry = {[ch3co:6]},
  doi           = {10.1093/mnras/179.3.433},
  eprint        = {/oup/backfile/content_public/journal/mnras/179/3/10.1093_mnras_179.3.433/3/mnras179-0433.pdf},
  url           = {http://dx.doi.org/10.1093/mnras/179.3.433},
}

@Book{GR_Carroll,
  title        = {{Spacetime and geometry: An introduction to general relativity}},
  publisher    = {Addison Wesley},
  year         = {2004},
  author       = {Carroll, Sean M.},
  isbn         = {0805387323, 9780805387322},
  journal      = {San Francisco, USA: Addison-Wesley (2004) 513 p},
  slaccitation = {%%CITATION = INSPIRE-650093;%%},
  url          = {http://www.slac.stanford.edu/spires/find/books/www?cl=QC6:C37:2004},
}

@Article{PenroseProcessCharged,
  author   = {{Bhat}, M. and {Dhurandhar}, S. and {Dadhich}, N.},
  title    = {{Energetics of the Kerr-Newman black hole by the Penrose process}},
  journal  = {Journal of Astrophysics and Astronomy},
  year     = {1985},
  volume   = {6},
  pages    = {85-100},
  month    = jun,
  adsnote  = {Provided by the SAO/NASA Astrophysics Data System},
  adsurl   = {http://adsabs.harvard.edu/abs/1985JApA....6...85B},
  doi      = {10.1007/BF02715080},
  keywords = {Black Holes (Astronomy), Charged Particles, Electromagnetic Fields, Galactic Nuclei, Quasars, X Ray Binaries, Angular Momentum, Differential Equations, Hamilton-Jacobi Equation},
}

@Comment{jabref-meta: databaseType:bibtex;}
